@electronic{hist:int:wiki,
	note = "\url{https://pl.wikipedia.org/wiki/Historia_Internetu}"
}
@electronic{his:int:prez1,
	note ="\url{ftp://ftp.iis.p.lodz.pl/pub/people/Z.Rowinska/Informatyka%20WIPO%A6/WIPOS_sieci.pdf}"
	author = "Z. Rowinska"
}